<?xml version="1.0" encoding="UTF-8" ?>
<collection xmlns:xsi="http://www.w3.org/2001/XMLSchema-instance"
    xsi:schemaLocation="http://www.loc.gov/MARC21/slim
        http://www.loc.gov/standards/marcxml/schema/MARC21slim.xsd"
    xmlns="http://www.loc.gov/MARC21/slim">
<record>
  <leader>00277cam a2200541 i 4500</leader>
  <controlfield tag="001">b12449532</controlfield>
  <controlfield tag="003">LeBAU</controlfield>
  <controlfield tag="005">20190909</controlfield>
  <controlfield tag="008">970519s1950    ua       b    000 0 ara d</controlfield>
  <datafield tag="035" ind1=" " ind2=" ">
    <subfield code="a">ocn784322404</subfield>
  </datafield>
  <datafield tag="040" ind1=" " ind2=" ">
    <subfield code="a">LEAUB</subfield>
    <subfield code="b">ara</subfield>
    <subfield code="e">rda</subfield>
    <subfield code="c">LEAUB</subfield>
    <subfield code="d">LEAUB</subfield>
  </datafield>
  <datafield tag="041" ind1="1" ind2=" ">
    <subfield code="a">ara</subfield>
    <subfield code="h">fre</subfield>
  </datafield>
  <datafield tag="043" ind1=" " ind2=" ">
    <subfield code="a">e------</subfield>
    <subfield code="a">aw-----</subfield>
    <subfield code="a">ff-----</subfield>
    <subfield code="a">e-gr---</subfield>
  </datafield>
  <datafield tag="082" ind1="0" ind2="4">
    <subfield code="a">352.037</subfield>
    <subfield code="2">20</subfield>
  </datafield>
  <datafield tag="100" ind1="1" ind2=" ">
    <subfield code="6">880-01</subfield>
    <subfield code="a">Fustel de Coulanges,</subfield>
    <subfield code="d">1830-1889.</subfield>
    <subfield code="e">author.</subfield>
    <subfield code="0">https://lccn.loc.gov/n79105743 ,</subfield>
  </datafield>
  <datafield tag="240" ind1="1" ind2="3">
    <subfield code="a">La Cité Antique.</subfield>
    <subfield code="l">Arabic</subfield>
  </datafield>
  <datafield tag="245" ind1="1" ind2="0">
    <subfield code="6">880-02</subfield>
    <subfield code="a">al-Madīnah al-ʻatīqah :</subfield>
    <subfield code="b">dirāsah li-ʻibādat al-Ighrīq wa-al-Rūmān wa-sharʻihim wa-anẓimatihim /</subfield>
    <subfield code="c">Fūstīl Dī Kūlānj ; tarjamat ʻAbbās Bayyūmī Bik, raʼīs umanāʼ al-Matḥaf al-Miṣrī ; rājaʻahu lil-wizārah ʻAbd al-Ḥamīd al-Dāwākhilī, al-ustādh al-musāʻid lil-adab al-ʻArabī bi-Jāmiʻat Fuʼād al-Awwal.</subfield>
  </datafield>
  <datafield tag="264" ind1=" " ind2="1">
    <subfield code="6">880-03</subfield>
    <subfield code="a">al-Qāhirah :</subfield>
    <subfield code="b">Maktabat al-Nahḍah al-Miṣrīyah,</subfield>
    <subfield code="c">1950.  </subfield>
  </datafield>
  <datafield tag="300" ind1=" " ind2=" ">
    <subfield code="6">880-04</subfield>
    <subfield code="a">550 pages ;</subfield>
    <subfield code="c">24 cm</subfield>
  </datafield>
  <datafield tag="336" ind1=" " ind2=" ">
    <subfield code="a">text</subfield>
    <subfield code="b">txt</subfield>
    <subfield code="2">rdacontent</subfield>
  </datafield>
  <datafield tag="337" ind1=" " ind2=" ">
    <subfield code="a">unmediated</subfield>
    <subfield code="b">n</subfield>
    <subfield code="2">rdamedia</subfield>
  </datafield>
  <datafield tag="338" ind1=" " ind2=" ">
    <subfield code="a">volume</subfield>
    <subfield code="b">nc</subfield>
    <subfield code="2">rdacarrier</subfield>
  </datafield>
  <datafield tag="500" ind1=" " ind2=" ">
    <subfield code="a">ترجمة: La Cité Antique, Etude sur le culte, le droit, les institutions de la Grece et de Rome.</subfield>
  </datafield>
  <datafield tag="500" ind1=" " ind2=" ">
    <subfield code="a">"وزارة المعارف العمومية، أدارة الترجمة، إدارة الثقافة العامة."</subfield>
  </datafield>
  <datafield tag="504" ind1=" " ind2=" ">
    <subfield code="a">يتضمن مراجع ببليوغرافية.</subfield>
  </datafield>
  <datafield tag="650" ind1=" " ind2="4">
    <subfield code="a">المدن والحواضر القديمة.</subfield>
  </datafield>
  <datafield tag="650" ind1=" " ind2="4">
    <subfield code="a">الحضارة اليونانية الرومانية.</subfield>
  </datafield>
  <datafield tag="650" ind1=" " ind2="0">
    <subfield code="a">Cities and towns, Ancient.</subfield>
  </datafield>
  <datafield tag="650" ind1=" " ind2="0">
    <subfield code="a">Civilization, Greco-Roman.</subfield>
  </datafield>
  <datafield tag="651" ind1=" " ind2="4">
    <subfield code="a">روما</subfield>
    <subfield code="x">السياسة والحكومة.</subfield>
  </datafield>
  <datafield tag="651" ind1=" " ind2="4">
    <subfield code="a">اليونان</subfield>
    <subfield code="x">السياسة والحكومة.</subfield>
  </datafield>
  <datafield tag="651" ind1=" " ind2="0">
    <subfield code="a">Rome</subfield>
    <subfield code="x">Politics and government.</subfield>
  </datafield>
  <datafield tag="651" ind1=" " ind2="0">
    <subfield code="a">Greece</subfield>
    <subfield code="x">Politics and government.</subfield>
  </datafield>
  <datafield tag="700" ind1="1" ind2=" ">
    <subfield code="6">880-05</subfield>
    <subfield code="a">Dawākhilī, ʻAbd al-Ḥamīd.</subfield>
    <subfield code="e">reviewer.</subfield>
    <subfield code="0">https://lccn.loc.gov/nr2003035247 ,</subfield>
  </datafield>
  <datafield tag="700" ind1="1" ind2=" ">
    <subfield code="6">880-06</subfield>
    <subfield code="a">Bayyūmī, ʻAbbās.</subfield>
    <subfield code="e">translator.</subfield>
    <subfield code="0">https://lccn.loc.gov/no2008150838 ,</subfield>
  </datafield>
  <datafield tag="765" ind1="0" ind2="8">
    <subfield code="6">880-07</subfield>
    <subfield code="i">is free translation of (work)</subfield>
    <subfield code="4">http://rdaregistry.info/Elements/w/P10143 :</subfield>
    <subfield code="a">Fustel de Coulanges, 1830-1889.</subfield>
    <subfield code="t">Ancient city : a study on the religion, laws and institutions of Greece and Rome.</subfield>
    <subfield code="d">Garden City, New York : Doubleday &amp; Co., 1956</subfield>
    <subfield code="w">(OCoLC)00346038</subfield>
    <subfield code="w">(OCoLC)00346038</subfield>
  </datafield>
  <datafield tag="852" ind1=" " ind2=" ">
    <subfield code="a">Jafet Library</subfield>
    <subfield code="e">American University of Beirut, Bliss Street , Beirut, Lebanon.</subfield>
  </datafield>
  <datafield tag="880" ind1="0" ind2=" ">
    <subfield code="6">100-01/(3/r</subfield>
    <subfield code="a">فوستيل دو كولانج،</subfield>
    <subfield code="d">1830-1889،</subfield>
    <subfield code="0">https://lccn.loc.gov/n79105743 ,</subfield>
    <subfield code="e">مؤلف. </subfield>
    <subfield code="4">aut.</subfield>
  </datafield>
  <datafield tag="880" ind1="1" ind2="3">
    <subfield code="6">245-02/(3/r</subfield>
    <subfield code="a">المدينة العتيقة :</subfield>
    <subfield code="b">دراسة لعبادة الإغريق والرومان وشرعهم وأنظمتهم /</subfield>
    <subfield code="c">فوستيل دي كولانج ؛ ترجمه عباس بيومي بك، رئيس أمناء المتحف المصري ؛ راجعه للوزارة عبد الحميد الدواخلي، الأستاذ المساعد للأدب العربي بجامعة فؤاد الأول.</subfield>
  </datafield>
  <datafield tag="880" ind1=" " ind2="1">
    <subfield code="6">264-03/(3/r</subfield>
    <subfield code="a">القاهرة :</subfield>
    <subfield code="b">مكتبة النهضة المصرية،</subfield>
    <subfield code="c">1950.</subfield>
  </datafield>
  <datafield tag="880" ind1=" " ind2=" ">
    <subfield code="6">300-04/(3/r</subfield>
    <subfield code="a">550 صفحة ؛</subfield>
    <subfield code="c">24 سم</subfield>
  </datafield>
  <datafield tag="880" ind1="1" ind2=" ">
    <subfield code="6">700-06/(3/r</subfield>
    <subfield code="a">بيومي، عباس،</subfield>
    <subfield code="0">https://lccn.loc.gov/nr2003035247 ,</subfield>
    <subfield code="e">مترجم. </subfield>
    <subfield code="4">trl.</subfield>
  </datafield>
  <datafield tag="880" ind1="1" ind2=" ">
    <subfield code="6">700-05/(3/r</subfield>
    <subfield code="a">الدواخلي، عبد الحميد،</subfield>
    <subfield code="0">https://lccn.loc.gov/no2008150838 ,</subfield>
    <subfield code="e">مراجع. </subfield>
    <subfield code="4">rev.</subfield>
  </datafield>
  <datafield tag="880" ind1="0" ind2="8">
    <subfield code="6">765-07/(3/r</subfield>
    <subfield code="i">ترجمة حرة (عمل)</subfield>
    <subfield code="4">http://rdaregistry.info/Elements/w/P10143 :</subfield>
    <subfield code="a">Fustel de Coulanges, 1830-1889.</subfield>
    <subfield code="t">Ancient city : a study on the religion, laws and institutions of Greece and Rome.</subfield>
    <subfield code="d">Garden City, New York : Doubleday &amp; Co., 1956</subfield>
    <subfield code="w">(LEAUB)b11001239</subfield>
    <subfield code="w">(OCoLC)00346038</subfield>
  </datafield>
  <datafield tag="907" ind1=" " ind2=" ">
    <subfield code="a">.b12449532</subfield>
    <subfield code="b">19-10-23</subfield>
    <subfield code="c">11-05-24</subfield>
  </datafield>
  <datafield tag="907" ind1=" " ind2=" ">
    <subfield code="a">.b12449532</subfield>
    <subfield code="b">11-10-11</subfield>
    <subfield code="c">11-05-24</subfield>
  </datafield>
  <datafield tag="945" ind1=" " ind2=" ">
    <subfield code="f">J</subfield>
    <subfield code="a">352.037:F99aA</subfield>
    <subfield code="i">01020925</subfield>
    <subfield code="j">.i12927314</subfield>
    <subfield code="l">u0503</subfield>
  </datafield>
  <datafield tag="998" ind1=" " ind2=" ">
    <subfield code="a">u05</subfield>
    <subfield code="b">97-05-19</subfield>
    <subfield code="c">m</subfield>
    <subfield code="d">a  </subfield>
    <subfield code="e">-</subfield>
    <subfield code="f">ara</subfield>
    <subfield code="g">ua </subfield>
    <subfield code="h">0</subfield>
    <subfield code="i">1</subfield>
  </datafield>
</record>
</collection>
